@misc{Fermat,
    %author    = "Pierre de Fermat",
    %title     = "Denksportaufgaben",
    %howpublished = "by conversation",
    %year     = "1607-1665",
    %month    = "n.a.",
    %note     = "n.a.",
}